@InProceedings{ref:sigmod,
  author = 	 {M. Livny and R. Ramakrishnan and K. Beyer and G. Chen and 
              D. Donjerkovic and S. Lawande and J. Myllymaki and 
              K. Wenger},
  title = 	 {{DEVise: Integrated Querying and Visual Exploration of 
              Large DataSets}},
  booktitle = {{Proceedings of ACM SIGMOD International Conference on 
                Management of Data}},
  year = 	   {1997},
  volume = 	 {26},
  pages =    {301-312}
}

